[gd_scene load_steps=8 format=2]

[ext_resource path="res://Scripts/LinkButton.gd" type="Script" id=1]
[ext_resource path="res://Scripts/Status/Times.gd" type="Script" id=2]
[ext_resource path="res://assets/Fonts/Title.tres" type="DynamicFont" id=3]
[ext_resource path="res://assets/Fonts/playerstatus.tres" type="DynamicFont" id=4]
[ext_resource path="res://assets/BGM/GameOver.mp3" type="AudioStream" id=5]
[ext_resource path="res://assets/MainMenu/BackGround.png" type="Texture" id=6]
[ext_resource path="res://Scripts/Status/PlayerCoins.gd" type="Script" id=7]

[node name="MarginContainer" type="MarginContainer"]
margin_right = 40.0
margin_bottom = 40.0
__meta__ = {
"_edit_use_anchors_": false
}

[node name="TextureRect" type="TextureRect" parent="."]
margin_right = 350.0
margin_bottom = 214.0
texture = ExtResource( 6 )

[node name="CenterContainer" type="CenterContainer" parent="."]
margin_right = 350.0
margin_bottom = 214.0

[node name="HBoxContainer" type="HBoxContainer" parent="CenterContainer"]
margin_left = 74.0
margin_top = 45.0
margin_right = 276.0
margin_bottom = 169.0

[node name="VBoxContainer" type="VBoxContainer" parent="CenterContainer/HBoxContainer"]
margin_right = 202.0
margin_bottom = 124.0

[node name="Label" type="Label" parent="CenterContainer/HBoxContainer/VBoxContainer"]
margin_right = 202.0
margin_bottom = 69.0
custom_fonts/font = ExtResource( 3 )
custom_colors/font_color = Color( 0.572549, 0, 0, 1 )
text = "Game Over
You Lose!
Tip: \"Bullet cancelation\""
align = 1

[node name="VBoxContainer" type="VBoxContainer" parent="CenterContainer/HBoxContainer/VBoxContainer"]
margin_top = 73.0
margin_right = 202.0
margin_bottom = 124.0

[node name="CenterContainer" type="CenterContainer" parent="CenterContainer/HBoxContainer/VBoxContainer/VBoxContainer"]
margin_right = 202.0
margin_bottom = 11.0

[node name="VBoxContainer" type="VBoxContainer" parent="CenterContainer/HBoxContainer/VBoxContainer/VBoxContainer/CenterContainer"]
margin_left = 99.0
margin_right = 103.0
margin_bottom = 11.0

[node name="HBoxContainer" type="HBoxContainer" parent="CenterContainer/HBoxContainer/VBoxContainer/VBoxContainer/CenterContainer/VBoxContainer"]
margin_right = 4.0
margin_bottom = 11.0

[node name="Times" type="Label" parent="CenterContainer/HBoxContainer/VBoxContainer/VBoxContainer/CenterContainer/VBoxContainer/HBoxContainer"]
margin_bottom = 11.0
custom_fonts/font = ExtResource( 4 )
custom_colors/font_color = Color( 0.305882, 0, 0, 1 )
script = ExtResource( 2 )

[node name="Label" type="Label" parent="CenterContainer/HBoxContainer/VBoxContainer/VBoxContainer/CenterContainer/VBoxContainer/HBoxContainer"]
margin_left = 4.0
margin_right = 4.0
margin_bottom = 11.0
custom_fonts/font = ExtResource( 4 )
custom_colors/font_color = Color( 0.305882, 0, 0, 1 )
script = ExtResource( 7 )

[node name="Play" type="LinkButton" parent="CenterContainer/HBoxContainer/VBoxContainer/VBoxContainer"]
margin_top = 15.0
margin_right = 202.0
margin_bottom = 36.0
focus_mode = 2
custom_fonts/font = ExtResource( 3 )
custom_colors/font_color = Color( 0, 0.0431373, 0.494118, 1 )
text = "MainMenu"
script = ExtResource( 1 )
scene_to_load = "MainMenu"

[node name="Credit" type="LinkButton" parent="CenterContainer/HBoxContainer/VBoxContainer/VBoxContainer"]
margin_top = 40.0
margin_right = 202.0
margin_bottom = 51.0
focus_mode = 2
custom_fonts/font = ExtResource( 4 )
custom_colors/font_color = Color( 0.592157, 0.0666667, 1, 1 )
text = "Credits"
script = ExtResource( 1 )
scene_to_load = "Scene/Info2"

[node name="AudioStreamPlayer" type="AudioStreamPlayer" parent="."]
stream = ExtResource( 5 )
volume_db = -20.0
autoplay = true

[connection signal="pressed" from="CenterContainer/HBoxContainer/VBoxContainer/VBoxContainer/Play" to="CenterContainer/HBoxContainer/VBoxContainer/VBoxContainer/Play" method="_on_LinkButton_pressed"]
[connection signal="pressed" from="CenterContainer/HBoxContainer/VBoxContainer/VBoxContainer/Credit" to="CenterContainer/HBoxContainer/VBoxContainer/VBoxContainer/Credit" method="_on_LinkButton_pressed"]
