[gd_scene load_steps=5 format=2]

[ext_resource path="res://assets/BackGround/Howtoplay.png" type="Texture" id=1]
[ext_resource path="res://Scripts/LinkButton.gd" type="Script" id=2]
[ext_resource path="res://assets/BGM/mainmenu.wav" type="AudioStream" id=3]
[ext_resource path="res://assets/Fonts/Title.tres" type="DynamicFont" id=4]

[node name="MarginContainer" type="MarginContainer"]
margin_right = 40.0
margin_bottom = 40.0
__meta__ = {
"_edit_use_anchors_": false
}

[node name="AudioStreamPlayer" type="AudioStreamPlayer" parent="."]
stream = ExtResource( 3 )
volume_db = -16.0
autoplay = true

[node name="TextureRect" type="TextureRect" parent="."]
margin_right = 350.0
margin_bottom = 279.0
texture = ExtResource( 1 )

[node name="HBoxContainer" type="HBoxContainer" parent="."]
margin_right = 350.0
margin_bottom = 279.0

[node name="Back" type="LinkButton" parent="HBoxContainer"]
margin_right = 42.0
margin_bottom = 279.0
custom_fonts/font = ExtResource( 4 )
custom_colors/font_color = Color( 0.819608, 0, 0, 1 )
text = "Back"
script = ExtResource( 2 )
scene_to_load = "MainMenu"

[node name="Continue" type="LinkButton" parent="HBoxContainer"]
margin_left = 46.0
margin_right = 82.0
margin_bottom = 279.0
custom_fonts/font = ExtResource( 4 )
custom_colors/font_color = Color( 0.113725, 0, 0.909804, 1 )
text = "Next"
script = ExtResource( 2 )
scene_to_load = "Scene/Objectives"

[connection signal="pressed" from="HBoxContainer/Back" to="HBoxContainer/Back" method="_on_LinkButton_pressed"]
[connection signal="pressed" from="HBoxContainer/Continue" to="HBoxContainer/Continue" method="_on_LinkButton_pressed"]
